@Article{thattai01,
  author = 	 {Mukund Thattai and Alexander van Oudenaarden},
  title = 	 {Intrinsic noise in gene regulatory networks},
  journal = 	 {Proc. Natl. Acad. Sci. U.S.A.},
  year = 	 {2001},
  volume = 	 {98},
  pages = 	 {8614--8619},
}

@Article{kaern05,
  author = 	 {M Kaern and T C Elston and W J Blake and J J Collins},
  title = 	 {Stochasticity in gene expression: from theories to phenotypes},
  journal = 	 {Nat. Rev. Genet.},
  year = 	 {2005},
  volume = 	 {6},
  OPTnumber = 	 {},
  pages = 	 {451--464},
}

@Article{elowitz02,
  author = 	 {M B Elowitz, and A J Levine and E D Siggia and P S Swain},
  title = 	 {Stochastic gene expression in a single cell},
  journal = 	 {Science},
  year = 	 {2002},
  volume = 	 {297},
  OPTnumber = 	 {},
  pages = 	 {183--186},
}

@Article{pedraza05,
  author = 	 {J M Pedraza and A van Oudenaarden},
  title = 	 {Noise Propagation in Gene Networks},
  journal = 	 {Science},
  volume = 	 {307},
  year = 	 {1965--1969},
  pages = 	 {2005},  
  OPTnumber = 	 {},
}

@Article{paulsson05,
  author = 	 {J Paulsson},
  title = 	 {Models of stochastic gene expression},
  journal = 	 {Phys. Life Rev.},
  volume = 	 {2},
  pages = 	 {157--175},
  year = 	 {2005},
  OPTnumber = 	 {},
}

@Article{alon99,
  author = 	 {U Alon and M G Surette and N Barkai and S Leibler},
  title = 	 {Robustness in bacterial chemotaxis},
  journal = 	 {Nature},
  volume = 	 {397},
  pages = 	 {168--171},
  year = 	 {1999},
  OPTnumber = 	 {},
}

@Article{arkin98,
  author = 	 {A Arkin and J Ross and H H McAdams},
  title = 	 {Stochastic Kinetic Analysis of Developmental Pathway Bifurcation in Phage $\lambda$-Infected Escherichia coli Cells},
  journal = 	 {Genetics},
  volume = 	 {149},
  pages = 	 {1633--1648},
  year = 	 {1998},
  OPTnumber = 	 {},
}

@Article{pedraza08,
  author = 	 {J M Pedraza and J Paulsson},
  title = 	 {Effects of Molecular Memory and Bursting on Fluctuations in Gene Expression},
  journal = 	 {Science},
  volume = 	 {319},
  pages = 	 {339--343},
  year = 	 {2008},
  OPTnumber = 	 {},
}

@Article{huh11a,
  author = 	 {D Huh and J Paulsson},
  title = 	 {Non-genetic heterogeneity from stochastic partitioning at cell division},
  journal = 	 {Nat. Genet.},
  volume = 	 {43},
  pages = 	 {95--100},
  year = 	 {2011},
  OPTnumber = 	 {},
}

@Article{huh11b,
  author = 	 {D Huh and J Paulsson},
  title = 	 {Random partitioning of molecules at cell division},
  journal = 	 {Proc. Natl. Acad. Sci. U.S.A.},
  volume = 	 {108},
  pages = 	 {15004--15009},
  year = 	 {2011},
  OPTnumber = 	 {},
}

@Article{gillespie77,
  author = 	 {D T Gillespie},
  title = 	 {Exact stochastic simulation of coupled chemical reactions},
  journal = 	 {J. Phys. Chem.},
  volume = 	 {81},
  pages = 	 {2340--2361},
  year = 	 {1977},
  OPTnumber = 	 {},
}

@Article{paulsson04,
  author = 	 {J Paulsson},
  title = 	 {Summing up the noise in gene networks},
  journal = 	 {Nature},
  volume = 	 {427},
  pages = 	 {415--418},
  year = 	 {2004},
  OPTnumber = 	 {},
}

@Book{bertsekas08,
  author = 	 {D P Bertsekas and J N Tsitsiklis},
  title = 	 {Introduction to Probability},
  publisher = 	 {Athena Scientific},
  year = 	 {2008},
  address = 	 {Belmont},
}

@Book{vankampen92,
  author = 	 {N G van Kampen},
  title = 	 {Stochastic Processes in Physics and Chemistry},
  publisher = 	 {North-Holland},
  year = 	 {1992},
  address = 	 {Amsterdam},
}

@Book{gardiner03,
  author = 	 {C W Gardiner},
  title = 	 {Handbook of Stochastic Methods for Physics, Chemistry and the Natural Sciences},
  publisher = 	 {Springer},
  year = 	 {2003},
  address = 	 {Berlin},
}

@Book{alberts13,
  author = 	 {Bruce Alberts and Dennis Bray and Karen Hopkin and Alexander D Johnson and Julian Lewis and Martin Raff and Keith Roberts and Peter Walter},
  title = 	 {Essential Cell Biology},
  publisher = 	 {Garland Science},
  year = 	 {2013},
  address = 	 {New York},
}

@Book{alon06,
  author = 	 {Uri Alon},
  title = 	 {An Introduction to Systems Biology: Design Principles of Biological Circuits},
  publisher = 	 {Chapman and Hall/CRC},
  year = 	 {2006},
  address = 	 {Boca Raton},
}

@PhdThesis{pedraza06,
  author = 	 {J M Pedraza},
  title = 	 {Signal and noise propagation in genetic circuits},
  school = 	 {Massachusetts Institute of Technology},
  year = 	 {2006}
}

@Article{mcadams99,
  author = 	 {Harley H. McAdams and Adam Arkin},
  title = 	 {It's a noisy business! Genetic regulation at the nanomolar scale},
  journal = 	 {Trends Genet.},
  year = 	 {1999},
  volume = 	 {15},
  number =       {2},
  pages = 	 {65--69},
}

@Book{alberts08,
  author = 	 {Bruce Alberts and Alexander Johnson and Julian Lewis and Martin Raff and Keith Roberts and Peter Walters},
  title = 	 {Molecular Biology of the Cell},
  publisher = 	 {Garland Science},
  year = 	 {2008},
  address = 	 {New York},
}

@Article{kussell05,
  author = 	 {Edo Kussell and Stanislas Leibler},
  title = 	 {Phenotypic Diversity, Population Growth, and Information in Fluctuationg Environments},
  journal = 	 {Science},
  year = 	 {2005},
  volume = 	 {309},
  pages = 	 {2075--2078},
}

@Article{golding05,
  author = 	 {I Golding and J Paulsson and S M Zawilski and E C Cox},
  title = 	 {Real time Kinetics of Gene Activity in Individual Bacteria},
  journal = 	 {Cell},
  year = 	 {2005},
  volume = 	 {123},
  pages = 	 {1025--1036},
}

@Article{wang10,
  author = 	 {P Wang and L Robert and J Pelletier and W L Dang and F Taddei and A Wright and S Jun},
  title = 	 {Robust Growth of \textit{Escherichia coli}},
  journal = 	 {Curr. Biol},
  year = 	 {2010},
  volume = 	 {20},
  pages = 	 {1099--1103},
}

@Article{okumus13,
  author = 	 {B Okumus and R Fernandez-Lopez and D Landgraf and D Huh and J Paulsson},
  title = 	 {Microfluidic Assisted Cell Screening},
  journal = 	 {Biophys. J},
  year = 	 {2013},
  volume = 	 {104},
  number =       {2},
  pages = 	 {502a--503a},
}